<record><leader>00000cas a22000007a 4500</leader><controlfield tag="001">26111120</controlfield><controlfield tag="008">920630d18981899ctudn ne      0    0eng d</controlfield><datafield ind1=" " ind2=" " tag="010"><subfield code="a">sn 92051274 </subfield></datafield><datafield ind1=" " ind2=" " tag="040"><subfield code="a">CNW</subfield><subfield code="b">eng</subfield><subfield code="c">CNW</subfield><subfield code="d">OCLCQ</subfield></datafield><datafield ind1=" " ind2=" " tag="042"><subfield code="a">msc</subfield></datafield><datafield ind1="0" ind2="4" tag="245"><subfield code="a">The Meriden Republican.</subfield></datafield><datafield ind1=" " ind2=" " tag="260"><subfield code="a">Meriden, Conn. :</subfield><subfield code="b">[s.n.]</subfield></datafield><datafield ind1=" " ind2=" " tag="300"><subfield code="a">v.</subfield></datafield><datafield ind1=" " ind2=" " tag="310"><subfield code="a">Daily (except Sun.)</subfield></datafield><datafield ind1="0" ind2=" " tag="362"><subfield code="a">Oct. 27, 1898-Feb. 28, 1899.</subfield></datafield><datafield ind1=" " ind2=" " tag="515"><subfield code="a">Issues for Oct. 27, 1898-Feb. 28, 1899 called also: 38th year-39th year.</subfield></datafield><datafield ind1=" " ind2=" " tag="530"><subfield code="a">Available on microfilm from UMI.</subfield></datafield><datafield ind1=" " ind2=" " tag="580"><subfield code="a">Morning eds.: Morning record (Meriden, Conn. : 1892), Oct. 27, 1898, and: Meriden morning record (Meriden, Conn. : 1898), Oct. 28, 1898-1899.</subfield></datafield><datafield ind1=" " ind2=" " tag="580"><subfield code="a">Weekly ed.: Meriden weekly Republican (Meriden, Conn. : 1870).</subfield></datafield><datafield ind1=" " ind2="4" tag="651"><subfield code="a">Meriden (Conn.)</subfield><subfield code="v">Newspapers.</subfield></datafield><datafield ind1=" " ind2=" " tag="752"><subfield code="a">United States</subfield><subfield code="b">Connecticut</subfield><subfield code="c">New Haven</subfield><subfield code="d">Meriden.</subfield></datafield><datafield ind1="1" ind2=" " tag="775"><subfield code="t">Morning record (Meriden, Conn. : 1892)</subfield><subfield code="w">(DLC)sn 92051275</subfield></datafield><datafield ind1="1" ind2=" " tag="775"><subfield code="t">Meriden weekly Republican (Meriden, Conn. : 1870)</subfield><subfield code="w">(DLC)sn 84022512</subfield></datafield><datafield ind1="0" ind2="0" tag="780"><subfield code="t">Meriden daily Republican</subfield><subfield code="w">(DLC)sn 84022511</subfield></datafield><datafield ind1="0" ind2="7" tag="785"><subfield code="t">Meriden morning record (Meriden, Conn. : 1898)</subfield><subfield code="w">(DLC)sn 92051276</subfield></datafield><datafield ind1="0" ind2="7" tag="785"><subfield code="t">Meriden morning record and Republican</subfield><subfield code="w">(DLC)sn 92051277</subfield></datafield><datafield ind1="1" ind2=" " tag="029"><subfield code="a">AU@</subfield><subfield code="b">000020740413</subfield></datafield></record>